<record><leader>00000cas a2200000 a 4500</leader><controlfield tag="001">12833181</controlfield><controlfield tag="008">851122d19801980ksudr ne      0    0eng c</controlfield><datafield ind1=" " ind2=" " tag="010"><subfield code="a">sn 85067244 </subfield></datafield><datafield ind1=" " ind2=" " tag="040"><subfield code="a">KSH</subfield><subfield code="b">eng</subfield><subfield code="c">KSH</subfield><subfield code="d">NPT</subfield><subfield code="d">NSD</subfield><subfield code="d">OCL</subfield><subfield code="d">CUI</subfield><subfield code="d">OCLCQ</subfield><subfield code="d">OCLCF</subfield><subfield code="d">DLC</subfield></datafield><datafield ind1=" " ind2=" " tag="042"><subfield code="a">pcc</subfield></datafield><datafield ind1=" " ind2=" " tag="043"><subfield code="a">n-us-ks</subfield></datafield><datafield ind1=" " ind2="4" tag="050"><subfield code="a">AN</subfield></datafield><datafield ind1="0" ind2=" " tag="130"><subfield code="a">Topeka capital-journal (Topeka, Kan. : Evening ed.)</subfield></datafield><datafield ind1="1" ind2="4" tag="245"><subfield code="a">The Topeka capital-journal.</subfield></datafield><datafield ind1=" " ind2=" " tag="250"><subfield code="a">Evening ed.</subfield></datafield><datafield ind1=" " ind2=" " tag="260"><subfield code="a">Topeka, Kan. :</subfield><subfield code="b">John H. Stauffer,</subfield><subfield code="c">1980.</subfield></datafield><datafield ind1=" " ind2=" " tag="300"><subfield code="a">2 v. :</subfield><subfield code="b">ill. ;</subfield><subfield code="c">62 cm.</subfield></datafield><datafield ind1=" " ind2=" " tag="310"><subfield code="a">Daily (except Saturday and Sunday)</subfield></datafield><datafield ind1="0" ind2=" " tag="362"><subfield code="a">Vol. 106, no. 307 (Sept. 2, 1980)-v. 107, no. 61 (Dec. 31, 1980).</subfield></datafield><datafield ind1=" " ind2=" " tag="500"><subfield code="a">Masthead title includes day of the week.</subfield></datafield><datafield ind1=" " ind2=" " tag="580"><subfield code="a">Issued also in a morning edition.</subfield></datafield><datafield ind1=" " ind2="0" tag="651"><subfield code="a">Topeka (Kan.)</subfield><subfield code="v">Newspapers.</subfield></datafield><datafield ind1=" " ind2="0" tag="651"><subfield code="a">Shawnee County (Kan.)</subfield><subfield code="v">Newspapers.</subfield></datafield><datafield ind1=" " ind2="7" tag="651"><subfield code="a">Kansas</subfield><subfield code="z">Shawnee County.</subfield><subfield code="2">fast</subfield><subfield code="0">(OCoLC)fst01218523</subfield></datafield><datafield ind1=" " ind2="7" tag="651"><subfield code="a">Kansas</subfield><subfield code="z">Topeka.</subfield><subfield code="2">fast</subfield><subfield code="0">(OCoLC)fst01207212</subfield></datafield><datafield ind1=" " ind2="7" tag="655"><subfield code="a">Newspapers.</subfield><subfield code="2">fast</subfield><subfield code="0">(OCoLC)fst01423814</subfield></datafield><datafield ind1=" " ind2=" " tag="752"><subfield code="a">United States</subfield><subfield code="b">Kansas</subfield><subfield code="c">Shawnee</subfield><subfield code="d">Topeka.</subfield></datafield><datafield ind1="1" ind2=" " tag="775"><subfield code="t">Topeka capital-journal (Topeka, Kan. : Morning ed.)</subfield><subfield code="x">1067-1994</subfield><subfield code="w">(DLC)sn 82014720</subfield><subfield code="w">(OCoLC)8787195</subfield></datafield><datafield ind1="0" ind2="4" tag="780"><subfield code="t">Topeka daily capital</subfield><subfield code="w">(DLC)sn 82015487</subfield><subfield code="w">(OCoLC)8817493</subfield></datafield><datafield ind1="0" ind2="4" tag="780"><subfield code="t">Topeka State journal</subfield><subfield code="x">2377-7117</subfield><subfield code="w">(DLC)sn 82016014</subfield><subfield code="w">(OCoLC)9124974</subfield></datafield><datafield ind1="1" ind2=" " tag="029"><subfield code="a">AU@</subfield><subfield code="b">000022171577</subfield></datafield></record>